<?xml version="1.0" encoding="UTF-8"?><collection xmlns="http://www.loc.gov/MARC21/slim"><record><leader>00424nam--2200133-i-4500</leader><controlfield tag="001">000008611</controlfield><controlfield tag="002">20161230</controlfield><controlfield tag="005">20161230201027</controlfield><controlfield tag="008">060222s1000------------r-----000-0-eng-d</controlfield><datafield ind1=" " ind2=" " tag="080"><subfield code="a">621.385.1</subfield></datafield><datafield ind1=" " ind2=" " tag="100"><subfield code="a">Antypas, Georgios Antoniu</subfield></datafield><datafield ind1=" " ind2=" " tag="245"><subfield code="a">An analysis of the mechanisms controlling the positive ion emission from heated fe filaments thesis</subfield></datafield><datafield ind1=" " ind2=" " tag="260"><subfield code="a">An Arbor, University Microfilms, Inc., 1967 V + 61 P</subfield></datafield><datafield ind1=" " ind2=" " tag="852"><subfield code="a">29214</subfield></datafield></record></collection>